
@book{Knuth81,
  author    = {Donald E. Knuth},
  title     = {The Art of Computer Programming, Volume {II:} Seminumerical Algorithms,
               2nd Edition},
  year      = {1981},
  publisher = {Addison-Wesley},
  isbn      = {0-201-03822-6},
  timestamp = {Thu, 13 Nov 2014 20:37:10 +0100},
  biburl    = {http://dblp.uni-trier.de/rec/bib/books/aw/Knuth81},
  bibsource = {dblp computer science bibliography, http://dblp.org}
}

@article{DBLP:journals/cn/KimKDTDN15,
  author    = {Young{-}Hwan Kim and
               Roberto Konow and
               Diego Dujovne and
               Thierry Turletti and
               Walid Dabbous and
               Gonzalo Navarro},
  title     = {PcapWT: An efficient packet extraction tool for large volume network
               traces},
  journal   = {Computer Networks},
  volume    = {79},
  pages     = {91--102},
  year      = {2015},
  url       = {http://dx.doi.org/10.1016/j.comnet.2014.12.007},
  doi       = {10.1016/j.comnet.2014.12.007},
  timestamp = {Mon, 13 Apr 2015 14:50:41 +0200},
  biburl    = {http://dblp.uni-trier.de/rec/bib/journals/cn/KimKDTDN15},
  bibsource = {dblp computer science bibliography, http://dblp.org}
}
	
@book{lamport1986document,
  title={{\LaTeX - A document preparation system}},
  author={Lamport, Leslie},
  year={1986},
  publisher={Addison-Wesley Reading, MA}
}


@book{knuth1979tex,
  title={{\TeX and METAFONT: New directions in typesetting}},
  author={Knuth, Donald Ervin},
  year={1979},
  publisher={American Mathematical Society}
}

@book{DBLP:books/daglib/0019513,
  author    = {Andrew S. Tanenbaum and
               Maarten van Steen},
  title     = {Distributed systems - principles and paradigms {(2.} ed.)},
  year      = {2007},
  publisher = {Pearson Education},
  isbn      = {978-0-13-239227-3},
  timestamp = {Fri, 14 Nov 2014 00:04:56 +0100},
  biburl    = {http://dblp.uni-trier.de/rec/bib/books/daglib/0019513},
  bibsource = {dblp computer science bibliography, http://dblp.org}
}


@misc{latexweb,
  author={{Lat}},
  title = {{Página do \LaTeX}},
  howpublished = {\url{http://www.latex-project.org/}},
  note = {Acessado em: 13-11-2014},
  year={2014}
}

@misc{amsweb,
  author={{AMS}},
  title = {{Página da American Mathematical Society}},
  howpublished = {\url{http://www.ams.org/publications/authors/tex/amslatex}},
  note = {Acessado em: 13-11-2014},
  year={2014}
}



@misc{texweb,
  author={{Tex}},
  title = {{Página do \TeX}},
  howpublished = {\url{http://www.ctan.org/ctan-portal/tex/}},
  note = {Acessado em: 13-11-2014},
  year={2014}
}
